@ARTICLE{Caron:Fox:2014,
   author = {{Caron}, F. and {Fox}, E.~B.},
    title = "{Sparse graphs using exchangeable random measures}",
  journal = {ArXiv e-prints},
archivePrefix = "arXiv",
   eprint = {1401.1137},
 primaryClass = "stat.ME",
 keywords = {Statistics - Methodology, Computer Science - Social and Information Networks, Mathematics - Statistics Theory, Statistics - Machine Learning},
     year = 2014,
    month = jan,
   adsurl = {http://adsabs.harvard.edu/abs/2014arXiv1401.1137C},
  adsnote = {Provided by the SAO/NASA Astrophysics Data System}
}

@ARTICLE{Orbanz:Roy:2015, 
author={Orbanz, P. and Roy, D.M.}, 
journal={Pattern Analysis and Machine Intelligence, IEEE Transactions on}, 
title={Bayesian Models of Graphs, Arrays and Other Exchangeable Random Structures}, 
year={2015}, 
volume={37}, 
number={2}, 
pages={437-461}, 
keywords={Analytical models;Arrays;Bayes methods;Data models;Hidden Markov models;Mathematical model;Random variables;Bayesian nonparametrics;Exchangeable arrays;graphs;networks;relational data}, 
doi={10.1109/TPAMI.2014.2334607}, 
ISSN={0162-8828}, 
month=feb,
}

@article{Kallenberg_Random_Meas_Plane,
year={1990},
issn={0894-9840},
journal={Journal of Theoretical Probability},
volume={3},
number={1},
doi={10.1007/BF01063330},
title={Exchangeable random measures in the plane},
url={http://dx.doi.org/10.1007/BF01063330},
publisher={Kluwer Academic Publishers-Plenum Publishers},
keywords={Separate and joint exchangeability; ergodic distributions; Poisson processes; uniform random variables},
author={Kallenberg, Olav},
pages={81-136},
language={English}
}

@article{Glynn_Poisson_Tail_bounds,
year={1987},
journal={Operations Research Letters},
volume={6},
number={1},
doi={10.1016/0167-6377(87)90003-4},
title={Upper bounds on Poisson tail probabilities},
url={http://www.sciencedirect.com/science/article/pii/0167637787900034},
publisher={Elsevier},
author={Glynn, Peter W.},
pages={9-14},
language={English}
}

@article{Arratia_Gordon_binomial_large_deviation_bounds,
year={1989},
issn={0092-8240},
journal={Bulletin of Mathematical Biology},
volume={51},
number={1},
doi={10.1007/BF02458840},
title={Tutorial on large deviations for the binomial distribution},
url={http://dx.doi.org/10.1007/BF02458840},
publisher={Kluwer Academic Publishers},
author={Arratia, R. and Gordon, L.},
pages={125-131},
language={English}
}


@article{Bickel:Chen:2009,
author = {Bickel, Peter J. and Chen, Aiyou}, 
title = {A nonparametric view of network models and Newman-Girvan and other modularities},
volume = {106}, 
number = {50}, 
pages = {21068-21073}, 
year = {2009}, 
doi = {10.1073/pnas.0907096106}, 
abstract ={Prompted by the increasing interest in networks in many fields, we present an attempt at unifying points of view and analyses of these objects coming from the social sciences, statistics, probability and physics communities. We apply our approach to the Newman–Girvan modularity, widely used for "community" detection, among others. Our analysis is asymptotic but we show by simulation and application to real examples that the theory is a reasonable guide to practice.}, 
URL = {http://www.pnas.org/content/106/50/21068.abstract}, 
eprint = {http://www.pnas.org/content/106/50/21068.full.pdf}, 
journal = {Proceedings of the National Academy of Sciences} 
}

@ARTICLE{Borgs:Chayes:Cohn:Zhao:2014:sgc2,
   author = {{Borgs}, C. and {Chayes}, J.~T. and {Cohn}, H. and {Zhao}, Y.
	},
    title = "{An $L^{p}$ theory of sparse graph convergence II: LD convergence, quotients, and right convergence}",
  journal = {ArXiv e-prints},
archivePrefix = "arXiv",
   eprint = {1408.0744},
 primaryClass = "math.CO",
 keywords = {Mathematics - Combinatorics, Mathematics - Probability},
     year = 2014,
    month = aug,
   adsurl = {http://adsabs.harvard.edu/abs/2014arXiv1408.0744B},
  adsnote = {Provided by the SAO/NASA Astrophysics Data System}
}

@ARTICLE{Borgs:Chayes:Cohn:Zhao:2014:sgc1,
   author = {{Borgs}, C. and {Chayes}, J.~T. and {Cohn}, H. and {Zhao}, Y.
	},
    title = "{An $L^{p}$ theory of sparse graph convergence I: limits, sparse random graph models, and power law distributions}",
  journal = {ArXiv e-prints},
archivePrefix = "arXiv",
   eprint = {1401.2906},
 primaryClass = "math.CO",
 keywords = {Mathematics - Combinatorics, Mathematics - Probability},
     year = 2014,
    month = jan,
   adsurl = {http://adsabs.harvard.edu/abs/2014arXiv1401.2906B},
  adsnote = {Provided by the SAO/NASA Astrophysics Data System}
}

@ARTICLE{Borgs:Chayes:Cohn:Ganguly:2015,
   author = {{Borgs}, C. and {Chayes}, J.~T. and {Cohn}, H. and {Ganguly}, S.
	},
    title = "{Consistent nonparametric estimation for heavy-tailed sparse graphs}",
  journal = {ArXiv e-prints},
archivePrefix = "arXiv",
   eprint = {1508.06675},
 primaryClass = "math.ST",
 keywords = {Mathematics - Statistics Theory, Mathematics - Probability},
     year = 2015,
    month = aug,
   adsurl = {http://adsabs.harvard.edu/abs/2015arXiv150806675B},
  adsnote = {Provided by the SAO/NASA Astrophysics Data System}
}

@ARTICLE{Borgs:Chayes:Smith:2015,
   author = {{Borgs}, C. and {Chayes}, J.~T. and {Smith}, A.},
    title = "{Private Graphon Estimation for Sparse Graphs}",
  journal = {ArXiv e-prints},
archivePrefix = "arXiv",
   eprint = {1506.06162},
 primaryClass = "math.ST",
 keywords = {Mathematics - Statistics Theory, Computer Science - Cryptography and Security, Computer Science - Data Structures and Algorithms},
     year = 2015,
    month = jun,
   adsurl = {http://adsabs.harvard.edu/abs/2015arXiv150606162B},
  adsnote = {Provided by the SAO/NASA Astrophysics Data System}
}

@ARTICLE{Cai:Ackerman:Freer:2015,
   author = {{Cai}, D. and {Ackerman}, N. and {Freer}, C.},
    title = "{Priors on exchangeable directed graphs}",
  journal = {ArXiv e-prints},
archivePrefix = "arXiv",
   eprint = {1510.08440},
 primaryClass = "math.ST",
 keywords = {Mathematics - Statistics Theory, Statistics - Methodology, Statistics - Machine Learning},
     year = 2015,
    month = oct,
   adsurl = {http://adsabs.harvard.edu/abs/2015arXiv151008440C},
  adsnote = {Provided by the SAO/NASA Astrophysics Data System}
}

@book{Chiu:Stoyan:Kendall:Mecke:2013,
	Author = {Chiu, Sung Nok and Stoyan, Dietrich and Kendall, Wilfrid S. and Mecke, Joseph},
	Publisher = {Wiley},
	Title = {Stochastic Geometry and Its Applications},
	Year = {2013},
	edition={3},
}

@ARTICLE{Wolfe:Olhede:2013:a,
   author = {{Wolfe}, P.~J. and {Olhede}, S.~C.},
    title = "{Nonparametric graphon estimation}",
  journal = {ArXiv e-prints},
archivePrefix = "arXiv",
   eprint = {1309.5936},
 primaryClass = "math.ST",
 keywords = {Mathematics - Statistics Theory, Mathematics - Combinatorics, Mathematics - Probability, 62G05 (Primary) 05C80, 62G20 (Secondary)},
     year = 2013,
    month = sep,
   adsurl = {http://adsabs.harvard.edu/abs/2013arXiv1309.5936W},
  adsnote = {Provided by the SAO/NASA Astrophysics Data System}
}

@online{Kerr:2014,
  author = {Kerr, D.},
  title = {Ergodic Theory:  Independence and Dichotomies },
  year = 2014,
  url = {http://www.math.tamu.edu/~kerr/book/},
  urldate = {2015-10-28}
}

@article{Barabasi:Albert:1999,
author = {Barab\'{a}si, Albert-L\'{a}szl\'{o} and Albert, Réka}, 
title = {Emergence of Scaling in Random Networks},
volume = {286}, 
number = {5439}, 
pages = {509-512}, 
year = {1999}, 
doi = {10.1126/science.286.5439.509}, 
abstract ={Systems as diverse as genetic networks or the World Wide Web are best described as networks with complex topology. A common property of many large networks is that the vertex connectivities follow a scale-free power-law distribution. This feature was found to be a consequence of two generic mechanisms: (i) networks expand continuously by the addition of new vertices, and (ii) new vertices attach preferentially to sites that are already well connected. A model based on these two ingredients reproduces the observed stationary scale-free distributions, which indicates that the development of large networks is governed by robust self-organizing phenomena that go beyond the particulars of the individual systems.}, 
URL = {http://www.sciencemag.org/content/286/5439/509.abstract}, 
eprint = {http://www.sciencemag.org/content/286/5439/509.full.pdf}, 
journal = {Science} 
}

@ARTICLE{Berger:Borgs:Chayes:Saberi:2014,
   author = {{Berger}, N. and {Borgs}, C. and {Chayes}, J.~T. and {Saberi}, A.
	},
    title = "{Asymptotic behavior and distributional limits of preferential attachment graphs}",
  journal = {ArXiv e-prints},
archivePrefix = "arXiv",
   eprint = {1401.2792},
 primaryClass = "math.PR",
 keywords = {Mathematics - Probability},
     year = 2014,
    month = jan,
   adsurl = {http://adsabs.harvard.edu/abs/2014arXiv1401.2792B},
  adsnote = {Provided by the SAO/NASA Astrophysics Data System}
}

@book{denHollander:2012,
author = { F. den Hollander},
title = {Probability Theory: The Coupling Method},
year = {2012}
}

@article{Borgs:Chayes:Lovasz:Sos:Vesztergombi:2006,
   author = {{Borgs}, C. and {Chayes}, J.~T. and {Lovasz}, L. and {S{\'{o}s}}, V.~T. and {Vesztergombi}, K.},
title = "Convergent sequences of dense graphs I: Subgraph frequencies, metric properties and testing ",
journal = "Advances in Mathematics ",
volume = "219",
number = "6",
pages = "1801 - 1851",
year = "2008",
note = "",
issn = "0001-8708",
doi = "http://dx.doi.org/10.1016/j.aim.2008.07.008",
url = "http://www.sciencedirect.com/science/article/pii/S0001870808002053",
abstract = "We consider sequences of graphs ( G n ) and define various notions of convergence related to these sequences: “left convergence” defined in terms of the densities of homomorphisms from small graphs into G n ; “right convergence” defined in terms of the densities of homomorphisms from G n into small graphs; and convergence in a suitably defined metric. In Part I of this series, we show that left convergence is equivalent to convergence in metric, both for simple graphs G n , and for graphs G n with nodeweights and edgeweights. One of the main steps here is the introduction of a cut-distance comparing graphs, not necessarily of the same size. We also show how these notions of convergence provide natural formulations of Szemerédi partitions, sampling and testing of large graphs. "
}

@ARTICLE{Borgs:Chayes:Cohn:Holden:2016,
   author = {{Borgs}, C. and {Chayes}, J.~T. and {Cohn}, H. and {Holden}, N.
	},
    title = "{Sparse exchangeable graphs and their limits via graphon processes}",
  journal = {ArXiv e-prints},
archivePrefix = "arXiv",
   eprint = {1601.07134},
 primaryClass = "math.PR",
 keywords = {Mathematics - Probability, Mathematics - Combinatorics},
     year = 2016,
    month = jan,
   adsurl = {http://adsabs.harvard.edu/abs/2016arXiv160107134B},
  adsnote = {Provided by the SAO/NASA Astrophysics Data System}
}


@ARTICLE{Veitch:Roy:2015,
   author = {{Veitch}, V. and {Roy}, D.~M.},
    title = {The Class of Random Graphs Arising from Exchangeable Random Measures},
  journal = {ArXiv e-prints},
archivePrefix = "arXiv",
   eprint = {1512.03099},
 primaryClass = "math.ST",
 keywords = {Mathematics - Statistics Theory, Computer Science - Social and Information Networks, Mathematics - Combinatorics},
     year = 2015,
    month = dec,
   adsurl = {http://adsabs.harvard.edu/abs/2015arXiv151203099V},
  adsnote = {Provided by the SAO/NASA Astrophysics Data System}
}

@article{Veitch:Roy:2016,
   author = {{Veitch}, V. and {Roy}, D.~M.},
    title = "{Sampling and Estimation for (Sparse) Exchangeable Graphs}",
  journal = {ArXiv e-prints},
archivePrefix = "arXiv",
   eprint = {1611.00843},
 primaryClass = "math.ST",
 keywords = {Mathematics - Statistics Theory, Computer Science - Social and Information Networks, Mathematics - Combinatorics},
     year = 2016,
    month = nov,
   adsurl = {http://adsabs.harvard.edu/abs/2016arXiv161100843V},
  adsnote = {Provided by the SAO/NASA Astrophysics Data System}
}

}


@article{Kallenberg:1999,
	Author = {Kallenberg, Olav},
	Coden = {JTPREO},
	Date-Added = {2011-03-09 16:51:12 +0000},
	Date-Modified = {2011-03-09 16:58:32 +0000},
	Doi = {10.1023/A:1021692202530},
	Fjournal = {Journal of Theoretical Probability},
	Issn = {0894-9840},
	Journal = {J. Theoret. Probab.},
	Keywords = {exchangeability},
	Mrclass = {60G09 (60F17)},
	Mrnumber = {1702867 (2000k:60057)},
	Mrreviewer = {Alexander V. Bulinski{\u\i}},
	Number = {3},
	Pages = {859--883},
	Title = {Multivariate sampling and the estimation problem for exchangeable arrays},
	Url = {http://dx.doi.org/10.1023/A:1021692202530},
	Volume = {12},
	Year = {1999},
	Bdsk-File-1 = {YnBsaXN0MDDUAQIDBAUGJCVYJHZlcnNpb25YJG9iamVjdHNZJGFyY2hpdmVyVCR0b3ASAAGGoKgHCBMUFRYaIVUkbnVsbNMJCgsMDxJXTlMua2V5c1pOUy5vYmplY3RzViRjbGFzc6INDoACgAOiEBGABIAFgAdccmVsYXRpdmVQYXRoWWFsaWFzRGF0YV8QeS4uLy4uL3RyZWUvd29yay9saWJyYXJ5L2FydGljbGVzL2thbGxlbmJlcmdfX211bHRpdmFyaWF0ZV9zYW1wbGluZ19hbmRfdGhlX2VzdGltYXRpb25fcHJvYmxlbV9mb3JfZXhjaGFuZ2VhYmxlX2FycmF5cy5wZGbSFwsYGVdOUy5kYXRhTxECoAAAAAACoAACAAAMTWFjaW50b3NoIEhEAAAAAAAAAAAAAAAAAAAAzcjA6kgrAAAACbbNH2thbGxlbmJlcmdfX211bHRpdmFyaSM5QjgyOS5wZGYAAAAAAAAAAAAAAAAAAAAAAAAAAAAAAAAAAAAAAAAAAAAJuCnJnRmFAAAAAAAAAAAAAgAFAAAJIAAAAAAAAAAAAAAAAAAAAAhhcnRpY2xlcwAQAAgAAM3I+SoAAAARAAgAAMmdX9UAAAABABgACbbNAAm2ywAIK9IACCvOAAXASgACEikAAgBbTWFjaW50b3NoIEhEOlVzZXJzOgBwb3JiYW56OgB0cmVlOgB3b3JrOgBsaWJyYXJ5OgBhcnRpY2xlczoAa2FsbGVuYmVyZ19fbXVsdGl2YXJpIzlCODI5LnBkZgAADgCyAFgAawBhAGwAbABlAG4AYgBlAHIAZwBfAF8AbQB1AGwAdABpAHYAYQByAGkAYQB0AGUAXwBzAGEAbQBwAGwAaQBuAGcAXwBhAG4AZABfAHQAaABlAF8AZQBzAHQAaQBtAGEAdABpAG8AbgBfAHAAcgBvAGIAbABlAG0AXwBmAG8AcgBfAGUAeABjAGgAYQBuAGcAZQBhAGIAbABlAF8AYQByAHIAYQB5AHMALgBwAGQAZgAPABoADABNAGEAYwBpAG4AdABvAHMAaAAgAEgARAASAIFVc2Vycy9wb3JiYW56L3RyZWUvd29yay9saWJyYXJ5L2FydGljbGVzL2thbGxlbmJlcmdfX211bHRpdmFyaWF0ZV9zYW1wbGluZ19hbmRfdGhlX2VzdGltYXRpb25fcHJvYmxlbV9mb3JfZXhjaGFuZ2VhYmxlX2FycmF5cy5wZGYAABMAAS8AABUAAgAO//8AAIAG0hscHR5aJGNsYXNzbmFtZVgkY2xhc3Nlc11OU011dGFibGVEYXRhox0fIFZOU0RhdGFYTlNPYmplY3TSGxwiI1xOU0RpY3Rpb25hcnmiIiBfEA9OU0tleWVkQXJjaGl2ZXLRJidUcm9vdIABAAgAEQAaACMALQAyADcAQABGAE0AVQBgAGcAagBsAG4AcQBzAHUAdwCEAI4BCgEPARcDuwO9A8IDzQPWA+QD6APvA/gD/QQKBA0EHwQiBCcAAAAAAAACAQAAAAAAAAAoAAAAAAAAAAAAAAAAAAAEKQ==},
	Bdsk-Url-1 = {http://www.ams.org/mathscinet-getitem?mr=1702867}}


@book{Kallenberg:2001,
	Author = {O. Kallenberg},
	Date-Added = {2011-02-26 16:07:46 +0000},
	Date-Modified = {2011-02-26 16:07:46 +0000},
	Edition = {2nd},
	Publisher = {Springer},
	Title = {Foundations of Modern Probability},
	Year = 2001}

@book{Kallenberg:2005,
	Annote = {Systematic treatise on contractability, exchangeability and rotatability (the ``three basic symmetries'' in probability).},
	Author = {Kallenberg, O.},
	Date-Added = {2011-03-07 14:49:00 +0000},
	Date-Modified = {2011-03-07 15:01:20 +0000},
	Keywords = {exchangeability},
	Publisher = {Springer},
	Title = {Probabilistic Symmetries and Invariance Principles},
	Year = 2005,
	Bdsk-File-1 = {YnBsaXN0MDDUAQIDBAUGJCVYJHZlcnNpb25YJG9iamVjdHNZJGFyY2hpdmVyVCR0b3ASAAGGoKgHCBMUFRYaIVUkbnVsbNMJCgsMDxJXTlMua2V5c1pOUy5vYmplY3RzViRjbGFzc6INDoACgAOiEBGABIAFgAdccmVsYXRpdmVQYXRoWWFsaWFzRGF0YV8QYC4uLy4uL3RyZWUvd29yay9saWJyYXJ5L2Jvb2tzL2thbGxlbmJlcmdfX3Byb2JhYmlsaXN0aWNfc3ltbWV0cmllc19hbmRfaW52YXJpYW5jZV9wcmluY2lwbGVzLnBkZtIXCxgZV05TLmRhdGFPEQJUAAAAAAJUAAIAAAxNYWNpbnRvc2ggSEQAAAAAAAAAAAAAAAAAAADNyMDqSCsAAAAJuS8fa2FsbGVuYmVyZ19fcHJvYmFiaWxpIzlCOTdELnBkZgAAAAAAAAAAAAAAAAAAAAAAAAAAAAAAAAAAAAAAAAAAAAm5fcdzeNcAAAAAAAAAAAACAAUAAAkgAAAAAAAAAAAAAAAAAAAABWJvb2tzAAAQAAgAAM3I+SoAAAARAAgAAMdzvycAAAABABgACbkvAAm2ywAIK9IACCvOAAXASgACEikAAgBYTWFjaW50b3NoIEhEOlVzZXJzOgBwb3JiYW56OgB0cmVlOgB3b3JrOgBsaWJyYXJ5OgBib29rczoAa2FsbGVuYmVyZ19fcHJvYmFiaWxpIzlCOTdELnBkZgAOAIYAQgBrAGEAbABsAGUAbgBiAGUAcgBnAF8AXwBwAHIAbwBiAGEAYgBpAGwAaQBzAHQAaQBjAF8AcwB5AG0AbQBlAHQAcgBpAGUAcwBfAGEAbgBkAF8AaQBuAHYAYQByAGkAYQBuAGMAZQBfAHAAcgBpAG4AYwBpAHAAbABlAHMALgBwAGQAZgAPABoADABNAGEAYwBpAG4AdABvAHMAaAAgAEgARAASAGhVc2Vycy9wb3JiYW56L3RyZWUvd29yay9saWJyYXJ5L2Jvb2tzL2thbGxlbmJlcmdfX3Byb2JhYmlsaXN0aWNfc3ltbWV0cmllc19hbmRfaW52YXJpYW5jZV9wcmluY2lwbGVzLnBkZgATAAEvAAAVAAIADv//AACABtIbHB0eWiRjbGFzc25hbWVYJGNsYXNzZXNdTlNNdXRhYmxlRGF0YaMdHyBWTlNEYXRhWE5TT2JqZWN00hscIiNcTlNEaWN0aW9uYXJ5oiIgXxAPTlNLZXllZEFyY2hpdmVy0SYnVHJvb3SAAQAIABEAGgAjAC0AMgA3AEAARgBNAFUAYABnAGoAbABuAHEAcwB1AHcAhACOAPEA9gD+A1YDWANdA2gDcQN/A4MDigOTA5gDpQOoA7oDvQPCAAAAAAAAAgEAAAAAAAAAKAAAAAAAAAAAAAAAAAAAA8Q=}}

@article{Diaconis:Janson:2007,
	Author = {Persi Diaconis and Svante Janson},
	Date-Added = {2011-02-26 23:04:02 +0000},
	Date-Modified = {2012-03-07 16:36:16 +0000},
	Eprint = {0712.2749},
	Journal = {Rendiconti di Matematica, Serie VII},
	Keywords = {graphs},
	Pages = {33--61},
	Title = {Graph limits and exchangeable random graphs},
	Url = {http://arxiv.org/abs/0712.2749},
	Volume = {28},
	Year = {2008},
	Bdsk-Url-1 = {http://arxiv.org/abs/0712.2749}}

@article{Austin:2008,
  title={On exchangeable random variables and the statistics of large graphs and hypergraphs},
  author={Austin, Tim},
  journal={Probab. Surv},
  volume={5},
  number={80-145},
  year={2008}
}

@incollection{Borgs:Chayes:Lovasz:Sos:Vesztergombi:2006:1,
	Author = {C. Borgs and J. Chayes and L. Lov\'aszsz and V.~T. S\'os and K. Vesztergombi},
	Booktitle = {Topics in Discrete Mathematics},
	Date-Added = {2012-03-14 14:08:05 +0000},
	Date-Modified = {2012-03-14 14:12:00 +0000},
	Editor = {M. Klazar and J. Kratochvil and M. Loebl and J. Matousek and R. Thomas and P. Valtr},
	Keywords = {graphs; property testing},
	Pages = {315--371},
	Publisher = {Springer},
	Title = {Counting graph homomorphisms},
	Year = {2006},
	Bdsk-File-1 = {YnBsaXN0MDDUAQIDBAUGJCVYJHZlcnNpb25YJG9iamVjdHNZJGFyY2hpdmVyVCR0b3ASAAGGoKgHCBMUFRYaIVUkbnVsbNMJCgsMDxJXTlMua2V5c1pOUy5vYmplY3RzViRjbGFzc6INDoACgAOiEBGABIAFgAdccmVsYXRpdmVQYXRoWWFsaWFzRGF0YV8QZy4uLy4uL3RyZWUvd29yay9saWJyYXJ5L2FydGljbGVzL2JvcmdzX2NoYXllc19sb3Zhc3pfc29zX3Zlc3p0ZXJnb21iaV9fY291bnRpbmdfZ3JhcGhfaG9tb21vcnBoaXNtcy5wZGbSFwsYGVdOUy5kYXRhTxECagAAAAACagACAAAMTWFjaW50b3NoIEhEAAAAAAAAAAAAAAAAAAAAzcjA6kgrAAAACbbNH2JvcmdzX2NoYXllc19sb3Zhc3pfcyM5QjcyOC5wZGYAAAAAAAAAAAAAAAAAAAAAAAAAAAAAAAAAAAAAAAAAAAAJtyjLhh58AAAAAAAAAAAAAgAFAAAJIAAAAAAAAAAAAAAAAAAAAAhhcnRpY2xlcwAQAAgAAM3I+SoAAAARAAgAAMuGVrwAAAABABgACbbNAAm2ywAIK9IACCvOAAXASgACEikAAgBbTWFjaW50b3NoIEhEOlVzZXJzOgBwb3JiYW56OgB0cmVlOgB3b3JrOgBsaWJyYXJ5OgBhcnRpY2xlczoAYm9yZ3NfY2hheWVzX2xvdmFzel9zIzlCNzI4LnBkZgAADgCOAEYAYgBvAHIAZwBzAF8AYwBoAGEAeQBlAHMAXwBsAG8AdgBhAHMAegBfAHMAbwBzAF8AdgBlAHMAegB0AGUAcgBnAG8AbQBiAGkAXwBfAGMAbwB1AG4AdABpAG4AZwBfAGcAcgBhAHAAaABfAGgAbwBtAG8AbQBvAHIAcABoAGkAcwBtAHMALgBwAGQAZgAPABoADABNAGEAYwBpAG4AdABvAHMAaAAgAEgARAASAG9Vc2Vycy9wb3JiYW56L3RyZWUvd29yay9saWJyYXJ5L2FydGljbGVzL2JvcmdzX2NoYXllc19sb3Zhc3pfc29zX3Zlc3p0ZXJnb21iaV9fY291bnRpbmdfZ3JhcGhfaG9tb21vcnBoaXNtcy5wZGYAABMAAS8AABUAAgAO//8AAIAG0hscHR5aJGNsYXNzbmFtZVgkY2xhc3Nlc11OU011dGFibGVEYXRhox0fIFZOU0RhdGFYTlNPYmplY3TSGxwiI1xOU0RpY3Rpb25hcnmiIiBfEA9OU0tleWVkQXJjaGl2ZXLRJidUcm9vdIABAAgAEQAaACMALQAyADcAQABGAE0AVQBgAGcAagBsAG4AcQBzAHUAdwCEAI4A+AD9AQUDcwN1A3oDhQOOA5wDoAOnA7ADtQPCA8UD1wPaA98AAAAAAAACAQAAAAAAAAAoAAAAAAAAAAAAAAAAAAAD4Q==}}

@article{Borgs:Chayes:Lovasz:Sos:Vesztergombi:2008,
	Author = {Borgs, C. and Chayes, J. T. and Lov{{\'a}}sz, L. and S{{\'o}}s, V. T. and Vesztergombi, K.},
	Coden = {ADMTA4},
	Date-Added = {2011-06-18 16:59:08 +0100},
	Date-Modified = {2011-06-18 17:01:16 +0100},
	Doi = {10.1016/j.aim.2008.07.008},
	Fjournal = {Advances in Mathematics},
	Issn = {0001-8708},
	Journal = {Adv. Math.},
	Keywords = {graphs},
	Mrclass = {05C80 (05C12 05C35 68R10)},
	Mrnumber = {2455626 (2009m:05161)},
	Mrreviewer = {Michael Krivelevich},
	Number = {6},
	Pages = {1801--1851},
	Title = {Convergent sequences of dense graphs. {I}. {S}ubgraph frequencies, metric properties and testing},
	Url = {http://dx.doi.org/10.1016/j.aim.2008.07.008},
	Volume = {219},
	Year = {2008},
	Bdsk-File-1 = {YnBsaXN0MDDUAQIDBAUGJCVYJHZlcnNpb25YJG9iamVjdHNZJGFyY2hpdmVyVCR0b3ASAAGGoKgHCBMUFRYaIVUkbnVsbNMJCgsMDxJXTlMua2V5c1pOUy5vYmplY3RzViRjbGFzc6INDoACgAOiEBGABIAFgAdccmVsYXRpdmVQYXRoWWFsaWFzRGF0YV8QpS4uLy4uL3RyZWUvd29yay9saWJyYXJ5L2FydGljbGVzL2JvcmdzX2NoYXllc19sb3Zhc3pfc29zX3Zlc3p0ZXJnb21iaV9fY29udmVyZ2VudF9zZXF1ZW5jZXNfb2ZfZGVuc2VfZ3JhcGhzX0lfX3N1YmdyYXBoX2ZyZXF1ZW5jaWVzX21ldHJpY19wcm9wZXJ0aWVzX2FuZF90ZXN0aW5nLnBkZtIXCxgZV05TLmRhdGFPEQMkAAAAAAMkAAIAAAxNYWNpbnRvc2ggSEQAAAAAAAAAAAAAAAAAAADNyMDqSCsAAAAJts0fYm9yZ3NfY2hheWVzX2xvdmFzel9zIzlCNzI3LnBkZgAAAAAAAAAAAAAAAAAAAAAAAAAAAAAAAAAAAAAAAAAAAAm3J8oiQ8sAAAAAAAAAAAACAAUAAAkgAAAAAAAAAAAAAAAAAAAACGFydGljbGVzABAACAAAzcj5KgAAABEACAAAyiJ8CwAAAAEAGAAJts0ACbbLAAgr0gAIK84ABcBKAAISKQACAFtNYWNpbnRvc2ggSEQ6VXNlcnM6AHBvcmJhbno6AHRyZWU6AHdvcms6AGxpYnJhcnk6AGFydGljbGVzOgBib3Jnc19jaGF5ZXNfbG92YXN6X3MjOUI3MjcucGRmAAAOAQoAhABiAG8AcgBnAHMAXwBjAGgAYQB5AGUAcwBfAGwAbwB2AGEAcwB6AF8AcwBvAHMAXwB2AGUAcwB6AHQAZQByAGcAbwBtAGIAaQBfAF8AYwBvAG4AdgBlAHIAZwBlAG4AdABfAHMAZQBxAHUAZQBuAGMAZQBzAF8AbwBmAF8AZABlAG4AcwBlAF8AZwByAGEAcABoAHMAXwBJAF8AXwBzAHUAYgBnAHIAYQBwAGgAXwBmAHIAZQBxAHUAZQBuAGMAaQBlAHMAXwBtAGUAdAByAGkAYwBfAHAAcgBvAHAAZQByAHQAaQBlAHMAXwBhAG4AZABfAHQAZQBzAHQAaQBuAGcALgBwAGQAZgAPABoADABNAGEAYwBpAG4AdABvAHMAaAAgAEgARAASAK1Vc2Vycy9wb3JiYW56L3RyZWUvd29yay9saWJyYXJ5L2FydGljbGVzL2JvcmdzX2NoYXllc19sb3Zhc3pfc29zX3Zlc3p0ZXJnb21iaV9fY29udmVyZ2VudF9zZXF1ZW5jZXNfb2ZfZGVuc2VfZ3JhcGhzX0lfX3N1YmdyYXBoX2ZyZXF1ZW5jaWVzX21ldHJpY19wcm9wZXJ0aWVzX2FuZF90ZXN0aW5nLnBkZgAAEwABLwAAFQACAA7//wAAgAbSGxwdHlokY2xhc3NuYW1lWCRjbGFzc2VzXU5TTXV0YWJsZURhdGGjHR8gVk5TRGF0YVhOU09iamVjdNIbHCIjXE5TRGljdGlvbmFyeaIiIF8QD05TS2V5ZWRBcmNoaXZlctEmJ1Ryb290gAEACAARABoAIwAtADIANwBAAEYATQBVAGAAZwBqAGwAbgBxAHMAdQB3AIQAjgE2ATsBQwRrBG0EcgR9BIYElASYBJ8EqAStBLoEvQTPBNIE1wAAAAAAAAIBAAAAAAAAACgAAAAAAAAAAAAAAAAAAATZ},
	Bdsk-Url-1 = {http://www.ams.org/mathscinet-getitem?mr=2455626}}

@article{Borgs:Chayes:Lovasz:Sos:Vesztergombi:2012,
	Author = {Borgs, C. and Chayes, J. T. and Lov{{\'a}}sz, L. and S{{\'o}}s, V. T. and Vesztergombi, K.},
	Journal = {Ann. Math.},
	Pages = {151--219},
	Title = {Convergent sequences of dense graphs. {II}. {M}ultiway cuts and statistical physics},
	Volume = {176},
	Year = {2012}}

@article{Aldous:1981,
	Author = {Aldous, David J.},
	Coden = {JMVAAI},
	Date-Added = {2011-04-06 19:42:56 +0100},
	Date-Modified = {2011-04-06 19:43:30 +0100},
	Doi = {10.1016/0047-259X(81)90099-3},
	Fjournal = {Journal of Multivariate Analysis},
	Issn = {0047-259X},
	Journal = {J. Multivariate Anal.},
	Mrclass = {60E05 (62E10)},
	Mrnumber = {637937 (82m:60022)},
	Mrreviewer = {W. Hoeffding},
	Number = {4},
	Pages = {581--598},
	Title = {Representations for partially exchangeable arrays of random variables},
	Url = {http://dx.doi.org/10.1016/0047-259X(81)90099-3},
	Volume = {11},
	Year = {1981},
	Bdsk-File-1 = {YnBsaXN0MDDUAQIDBAUGJCVYJHZlcnNpb25YJG9iamVjdHNZJGFyY2hpdmVyVCR0b3ASAAGGoKgHCBMUFRYaIVUkbnVsbNMJCgsMDxJXTlMua2V5c1pOUy5vYmplY3RzViRjbGFzc6INDoACgAOiEBGABIAFgAdccmVsYXRpdmVQYXRoWWFsaWFzRGF0YV8Qci4uLy4uL3RyZWUvd29yay9saWJyYXJ5L2FydGljbGVzL2FsZG91c19fcmVwcmVzZW50YXRpb25zX2Zvcl9wYXJ0aWFsbHlfZXhjaGFuZ2VhYmxlX2FycmF5c19vZl9yYW5kb21fdmFyaWFibGVzLnBkZtIXCxgZV05TLmRhdGFPEQKKAAAAAAKKAAIAAAxNYWNpbnRvc2ggSEQAAAAAAAAAAAAAAAAAAADNyMDqSCsAAAAJts0fYWxkb3VzX19yZXByZXNlbnRhdGlvIzlCNkRDLnBkZgAAAAAAAAAAAAAAAAAAAAAAAAAAAAAAAAAAAAAAAAAAAAm23MnCLFUAAAAAAAAAAAACAAUAAAkgAAAAAAAAAAAAAAAAAAAACGFydGljbGVzABAACAAAzcj5KgAAABEACAAAycJklQAAAAEAGAAJts0ACbbLAAgr0gAIK84ABcBKAAISKQACAFtNYWNpbnRvc2ggSEQ6VXNlcnM6AHBvcmJhbno6AHRyZWU6AHdvcms6AGxpYnJhcnk6AGFydGljbGVzOgBhbGRvdXNfX3JlcHJlc2VudGF0aW8jOUI2REMucGRmAAAOAKQAUQBhAGwAZABvAHUAcwBfAF8AcgBlAHAAcgBlAHMAZQBuAHQAYQB0AGkAbwBuAHMAXwBmAG8AcgBfAHAAYQByAHQAaQBhAGwAbAB5AF8AZQB4AGMAaABhAG4AZwBlAGEAYgBsAGUAXwBhAHIAcgBhAHkAcwBfAG8AZgBfAHIAYQBuAGQAbwBtAF8AdgBhAHIAaQBhAGIAbABlAHMALgBwAGQAZgAPABoADABNAGEAYwBpAG4AdABvAHMAaAAgAEgARAASAHpVc2Vycy9wb3JiYW56L3RyZWUvd29yay9saWJyYXJ5L2FydGljbGVzL2FsZG91c19fcmVwcmVzZW50YXRpb25zX2Zvcl9wYXJ0aWFsbHlfZXhjaGFuZ2VhYmxlX2FycmF5c19vZl9yYW5kb21fdmFyaWFibGVzLnBkZgATAAEvAAAVAAIADv//AACABtIbHB0eWiRjbGFzc25hbWVYJGNsYXNzZXNdTlNNdXRhYmxlRGF0YaMdHyBWTlNEYXRhWE5TT2JqZWN00hscIiNcTlNEaWN0aW9uYXJ5oiIgXxAPTlNLZXllZEFyY2hpdmVy0SYnVHJvb3SAAQAIABEAGgAjAC0AMgA3AEAARgBNAFUAYABnAGoAbABuAHEAcwB1AHcAhACOAQMBCAEQA54DoAOlA7ADuQPHA8sD0gPbA+AD7QPwBAIEBQQKAAAAAAAAAgEAAAAAAAAAKAAAAAAAAAAAAAAAAAAABAw=},
	Bdsk-Url-1 = {http://www.ams.org/mathscinet-getitem?mr=637937}}

@techreport{Hoover:1979,
	Author = {D.~N. Hoover},
	Date-Added = {2012-05-31 13:58:55 +0100},
	Date-Modified = {2012-05-31 13:59:54 +0100},
	Institution = {Institute of Advanced Study, Princeton},
	Title = {Relations on probability spaces and arrays of random variables},
	Year = {1979}}

@article{Lovasz:Szegedy:2006,
	Author = {L. Lov\'asz and B. Szegedy},
	Date-Added = {2011-02-26 16:07:04 +0000},
	Date-Modified = {2011-02-26 23:35:50 +0000},
	Journal = {J.\ Combin.\ Theory Ser.\ B},
	Keywords = {graphs},
	Pages = {933--957},
	Title = {Limits of dense graph sequences},
	Volume = 96,
	Year = 2006,
	Bdsk-File-1 = {YnBsaXN0MDDUAQIDBAUGJCVYJHZlcnNpb25YJG9iamVjdHNZJGFyY2hpdmVyVCR0b3ASAAGGoKgHCBMUFRYaIVUkbnVsbNMJCgsMDxJXTlMua2V5c1pOUy5vYmplY3RzViRjbGFzc6INDoACgAOiEBGABIAFgAdccmVsYXRpdmVQYXRoWWFsaWFzRGF0YV8QVC4uLy4uL3RyZWUvd29yay9saWJyYXJ5L2FydGljbGVzL2xvdmFzel9zemVnZWR5X19saW1pdHNfb2ZfZGVuc2VfZ3JhcGhfc2VxdWVuY2VzLnBkZtIXCxgZV05TLmRhdGFPEQIwAAAAAAIwAAIAAAxNYWNpbnRvc2ggSEQAAAAAAAAAAAAAAAAAAADNyMDqSCsAAAAJts0fbG92YXN6X3N6ZWdlZHlfX2xpbWl0IzlCODcyLnBkZgAAAAAAAAAAAAAAAAAAAAAAAAAAAAAAAAAAAAAAAAAAAAm4csi2Yo4AAAAAAAAAAAACAAUAAAkgAAAAAAAAAAAAAAAAAAAACGFydGljbGVzABAACAAAzcj5KgAAABEACAAAyLaazgAAAAEAGAAJts0ACbbLAAgr0gAIK84ABcBKAAISKQACAFtNYWNpbnRvc2ggSEQ6VXNlcnM6AHBvcmJhbno6AHRyZWU6AHdvcms6AGxpYnJhcnk6AGFydGljbGVzOgBsb3Zhc3pfc3plZ2VkeV9fbGltaXQjOUI4NzIucGRmAAAOAGgAMwBsAG8AdgBhAHMAegBfAHMAegBlAGcAZQBkAHkAXwBfAGwAaQBtAGkAdABzAF8AbwBmAF8AZABlAG4AcwBlAF8AZwByAGEAcABoAF8AcwBlAHEAdQBlAG4AYwBlAHMALgBwAGQAZgAPABoADABNAGEAYwBpAG4AdABvAHMAaAAgAEgARAASAFxVc2Vycy9wb3JiYW56L3RyZWUvd29yay9saWJyYXJ5L2FydGljbGVzL2xvdmFzel9zemVnZWR5X19saW1pdHNfb2ZfZGVuc2VfZ3JhcGhfc2VxdWVuY2VzLnBkZgATAAEvAAAVAAIADv//AACABtIbHB0eWiRjbGFzc25hbWVYJGNsYXNzZXNdTlNNdXRhYmxlRGF0YaMdHyBWTlNEYXRhWE5TT2JqZWN00hscIiNcTlNEaWN0aW9uYXJ5oiIgXxAPTlNLZXllZEFyY2hpdmVy0SYnVHJvb3SAAQAIABEAGgAjAC0AMgA3AEAARgBNAFUAYABnAGoAbABuAHEAcwB1AHcAhACOAOUA6gDyAyYDKAMtAzgDQQNPA1MDWgNjA2gDdQN4A4oDjQOSAAAAAAAAAgEAAAAAAAAAKAAAAAAAAAAAAAAAAAAAA5Q=},
	Bdsk-Url-1 = {http://arxiv.org/abs/math/0408173}}

@article{Lovasz:Szegedy:2007,
	Author = {L{\'a}szl{\'o} Lov{\'a}sz and Bal{\'a}zs Szegedy},
	Date-Added = {2011-09-27 15:17:52 +0100},
	Date-Modified = {2011-09-27 15:18:25 +0100},
	Doi = {10.1007/s00039-007-0599-6},
	fJournal = {Geometric And Functional Analysis},
	Journal = {Geom. Func. Anal.},
	Keywords = {graphs},
	Number = {1},
	Pages = {252--270},
	Title = {Szemer{\'e}di's Lemma for the Analyst},
	Volume = {17},
	Year = {2007},
	Bdsk-File-1 = {YnBsaXN0MDDUAQIDBAUGJCVYJHZlcnNpb25YJG9iamVjdHNZJGFyY2hpdmVyVCR0b3ASAAGGoKgHCBMUFRYaIVUkbnVsbNMJCgsMDxJXTlMua2V5c1pOUy5vYmplY3RzViRjbGFzc6INDoACgAOiEBGABIAFgAdccmVsYXRpdmVQYXRoWWFsaWFzRGF0YV8QVS4uLy4uL3RyZWUvd29yay9saWJyYXJ5L2FydGljbGVzL2xvdmFzel9zemVnZWR5X19zemVtZXJlZGlzX2xlbW1hX2Zvcl90aGVfYW5hbHlzdC5wZGbSFwsYGVdOUy5kYXRhTxECNAAAAAACNAACAAAMTWFjaW50b3NoIEhEAAAAAAAAAAAAAAAAAAAAzcjA6kgrAAAACbbNH2xvdmFzel9zemVnZWR5X19zemVtZSM5Qjg3My5wZGYAAAAAAAAAAAAAAAAAAAAAAAAAAAAAAAAAAAAAAAAAAAAJuHPKp1OhAAAAAAAAAAAAAgAFAAAJIAAAAAAAAAAAAAAAAAAAAAhhcnRpY2xlcwAQAAgAAM3I+SoAAAARAAgAAMqni+EAAAABABgACbbNAAm2ywAIK9IACCvOAAXASgACEikAAgBbTWFjaW50b3NoIEhEOlVzZXJzOgBwb3JiYW56OgB0cmVlOgB3b3JrOgBsaWJyYXJ5OgBhcnRpY2xlczoAbG92YXN6X3N6ZWdlZHlfX3N6ZW1lIzlCODczLnBkZgAADgBqADQAbABvAHYAYQBzAHoAXwBzAHoAZQBnAGUAZAB5AF8AXwBzAHoAZQBtAGUAcgBlAGQAaQBzAF8AbABlAG0AbQBhAF8AZgBvAHIAXwB0AGgAZQBfAGEAbgBhAGwAeQBzAHQALgBwAGQAZgAPABoADABNAGEAYwBpAG4AdABvAHMAaAAgAEgARAASAF1Vc2Vycy9wb3JiYW56L3RyZWUvd29yay9saWJyYXJ5L2FydGljbGVzL2xvdmFzel9zemVnZWR5X19zemVtZXJlZGlzX2xlbW1hX2Zvcl90aGVfYW5hbHlzdC5wZGYAABMAAS8AABUAAgAO//8AAIAG0hscHR5aJGNsYXNzbmFtZVgkY2xhc3Nlc11OU011dGFibGVEYXRhox0fIFZOU0RhdGFYTlNPYmplY3TSGxwiI1xOU0RpY3Rpb25hcnmiIiBfEA9OU0tleWVkQXJjaGl2ZXLRJidUcm9vdIABAAgAEQAaACMALQAyADcAQABGAE0AVQBgAGcAagBsAG4AcQBzAHUAdwCEAI4A5gDrAPMDKwMtAzIDPQNGA1QDWANfA2gDbQN6A30DjwOSA5cAAAAAAAACAQAAAAAAAAAoAAAAAAAAAAAAAAAAAAADmQ==},
	Bdsk-Url-1 = {http://dx.doi.org/10.1007/s00039-007-0599-6}}

@book{Lovasz:2013:A,
	Author = {L. Lov\'asz},
	Date-Added = {2013-05-23 10:13:50 -0400},
	Date-Modified = {2013-05-23 10:15:09 -0400},
	Publisher = {American Mathematical Society},
	Title = {Large Networks and Graph Limits},
	Year = {2013},
	Bdsk-File-1 = {YnBsaXN0MDDUAQIDBAUGJCVYJHZlcnNpb25YJG9iamVjdHNZJGFyY2hpdmVyVCR0b3ASAAGGoKgHCBMUFRYaIVUkbnVsbNMJCgsMDxJXTlMua2V5c1pOUy5vYmplY3RzViRjbGFzc6INDoACgAOiEBGABIAFgAdccmVsYXRpdmVQYXRoWWFsaWFzRGF0YV8QSS4uLy4uL3RyZWUvd29yay9saWJyYXJ5L2Jvb2tzL2xvdmFzel9fbGFyZ2VfbmV0d29ya3NfYW5kX2dyYXBoX2xpbWl0cy5wZGbSFwsYGVdOUy5kYXRhTxECEAAAAAACEAACAAAMTWFjaW50b3NoIEhEAAAAAAAAAAAAAAAAAAAAzcjA6kgrAAAACbkvH2xvdmFzel9fbGFyZ2VfbmV0d29yIzEwOEJFQi5wZGYAAAAAAAAAAAAAAAAAAAAAAAAAAAAAAAAAAAAAAAAAAAAQi+vNi0L4AAAAAAAAAAAAAgAFAAAJIAAAAAAAAAAAAAAAAAAAAAVib29rcwAAEAAIAADNyPkqAAAAEQAIAADNi3s4AAAAAQAYAAm5LwAJtssACCvSAAgrzgAFwEoAAhIpAAIAWE1hY2ludG9zaCBIRDpVc2VyczoAcG9yYmFuejoAdHJlZToAd29yazoAbGlicmFyeToAYm9va3M6AGxvdmFzel9fbGFyZ2VfbmV0d29yIzEwOEJFQi5wZGYADgBYACsAbABvAHYAYQBzAHoAXwBfAGwAYQByAGcAZQBfAG4AZQB0AHcAbwByAGsAcwBfAGEAbgBkAF8AZwByAGEAcABoAF8AbABpAG0AaQB0AHMALgBwAGQAZgAPABoADABNAGEAYwBpAG4AdABvAHMAaAAgAEgARAASAFFVc2Vycy9wb3JiYW56L3RyZWUvd29yay9saWJyYXJ5L2Jvb2tzL2xvdmFzel9fbGFyZ2VfbmV0d29ya3NfYW5kX2dyYXBoX2xpbWl0cy5wZGYAABMAAS8AABUAAgAO//8AAIAG0hscHR5aJGNsYXNzbmFtZVgkY2xhc3Nlc11OU011dGFibGVEYXRhox0fIFZOU0RhdGFYTlNPYmplY3TSGxwiI1xOU0RpY3Rpb25hcnmiIiBfEA9OU0tleWVkQXJjaGl2ZXLRJidUcm9vdIABAAgAEQAaACMALQAyADcAQABGAE0AVQBgAGcAagBsAG4AcQBzAHUAdwCEAI4A2gDfAOcC+wL9AwIDDQMWAyQDKAMvAzgDPQNKA00DXwNiA2cAAAAAAAACAQAAAAAAAAAoAAAAAAAAAAAAAAAAAAADaQ==}}


@ARTICLE{Aldous:2009,
   author = {D.~J. Aldous},
    title = "{More Uses of Exchangeability: Representations of Complex Random Structures}",
  journal = {ArXiv e-prints},
archivePrefix = "arXiv",
   eprint = {0909.4339},
 primaryClass = "math.PR",
 keywords = {Mathematics - Probability, 60G09, 60C05},
     year = 2009,
    month = sep,
   adsurl = {http://adsabs.harvard.edu/abs/2009arXiv0909.4339A},
  adsnote = {Provided by the SAO/NASA Astrophysics Data System}
}

@ARTICLE{Crane:Dempsey:2016:snm,
   author = {H. Crane and W. Dempsey},
    title = "{A framework for statistical network modeling}",
  journal = {ArXiv e-prints},
archivePrefix = "arXiv",
   eprint = {1509.08185},
 primaryClass = "math.ST",
 keywords = {Mathematics - Statistics Theory},
     year = 2015,
    month = sep,
   adsurl = {http://adsabs.harvard.edu/abs/2015arXiv150908185C},
  adsnote = {Provided by the SAO/NASA Astrophysics Data System}
}

@book{Daley:Vere-Jones:2003:v1,
  title={An introduction to the theory of point processes: volume I: elementary theory and methods},
  author={Daley, Daryl J and Vere-Jones, David},
  year={2003},
  edition = {Second},
  publisher={Springer Science \& Business Media}
}

@book{Daley:Vere-Jones:2003:v2,
  title={An introduction to the theory of point processes: volume II: general theory and structure},
  author={Daley, Daryl J and Vere-Jones, David},
  year={2003},
  edition = {Second},
  publisher={Springer Science \& Business Media}
}

@article{Diaconis:Freedman:1980,
author = "Diaconis, P. and Freedman, D.",
doi = "10.1214/aop/1176994663",
fjournal = "The Annals of Probability",
journal = "Ann. Probab.",
month = "08",
number = "4",
pages = "745--764",
publisher = "The Institute of Mathematical Statistics",
title = "Finite Exchangeable Sequences",
url = "http://dx.doi.org/10.1214/aop/1176994663",
volume = "8",
year = "1980"
}

@book{Durrett:2010,
   Author = {R. Durrett},
   Title = {Probability: Theory and Examples},
   Series = {4th Edition},
   Publisher = {Cambridge U Press},
   Year = {2010},
   Key = {fds177897}
}

@misc{Orbanz:2017,
AUTHOR={Orbanz, P.},
TITLE={Subsampling and invariance in networks},
HOWPUBLISHED={Preprint},
YEAR=2017}

@ARTICLE{Herlau:Schmidt:Morup:2015,
   author = {{Herlau}, T. and {Schmidt}, M.N. and {Morup}, M.},
    title = {Completely random measures for modelling block-structured networks},
  journal = {ArXiv e-prints},
     year = {2015},
archivePrefix = "arXiv",
   eprint = {1507.02925},
 }

@article{Airoldi:Blei:Fienberg:Xing:2008,
AUTHOR={E.~M. Airoldi and D.~M. Blei and S.~E. Feinberg and E.~P. Xing},
TITLE={Mixed-membership stochastic blockmodels},
JOURNAL={J. Machine Learn. Res.},
VOLUME=9,
PAGES={1981--2014},
YEAR=2008}

@inproceedings{Lloyd:Orbanz:Ghahramani:Roy:2012,
	Author = {Lloyd, J. R. and Orbanz, P. and Ghahramani, Z. and Roy, D.~M.},
	Booktitle = {Adv. Neural Inform. Process. Syst. (NIPS) 25},
	Date-Added = {2013-10-27 21:27:38 +0000},
	Date-Modified = {2013-10-27 21:29:38 +0000},
	Pages = {1007--1015},
	Title = {Random function priors for exchangeable arrays},
	Year = {2012}}

@article{Nowicki:Snijders:2001:A,
	Author = {Nowicki, Krzysztof and Snijders, Tom A. B.},
	Coden = {JSTNAL},
	Date-Added = {2013-10-25 18:25:21 +0000},
	Date-Modified = {2013-10-25 18:26:01 +0000},
	Doi = {10.1198/016214501753208735},
	Fjournal = {Journal of the American Statistical Association},
	Issn = {0162-1459},
	Journal = {J. Amer. Statist. Assoc.},
	Keywords = {graphs},
	Mrclass = {62F15 (60C05 62H30 62P25)},
	Mrnumber = {1947255},
	Number = {455},
	Pages = {1077--1087},
	Title = {Estimation and prediction for stochastic blockstructures},
	Url = {http://dx.doi.org/10.1198/016214501753208735},
	Volume = {96},
	Year = {2001},
	Bdsk-File-1 = {YnBsaXN0MDDUAQIDBAUGJCVYJHZlcnNpb25YJG9iamVjdHNZJGFyY2hpdmVyVCR0b3ASAAGGoKgHCBMUFRYaIVUkbnVsbNMJCgsMDxJXTlMua2V5c1pOUy5vYmplY3RzViRjbGFzc6INDoACgAOiEBGABIAFgAdccmVsYXRpdmVQYXRoWWFsaWFzRGF0YV8Qby4uLy4uL3RyZWUvd29yay9saWJyYXJ5L2FydGljbGVzL25vd2lja2lfc25pamRlcnNfX2VzdGltYXRpb25fYW5kX3ByZWRpY3Rpb25fZm9yX3N0b2NoYXN0aWNfYmxvY2tzdHJ1Y3R1cmVzLnBkZtIXCxgZV05TLmRhdGFPEQKCAAAAAAKCAAIAAAxNYWNpbnRvc2ggSEQAAAAAAAAAAAAAAAAAAADNyMDqSCsAAAAJts0fbm93aWNraV9zbmlqZGVyc19fZXMjMkFBQjhGLnBkZgAAAAAAAAAAAAAAAAAAAAAAAAAAAAAAAAAAAAAAAAAAACqrj86QL5UAAAAAAAAAAAACAAUAAAkgAAAAAAAAAAAAAAAAAAAACGFydGljbGVzABAACAAAzcj5KgAAABEACAAAzpBn1QAAAAEAGAAJts0ACbbLAAgr0gAIK84ABcBKAAISKQACAFtNYWNpbnRvc2ggSEQ6VXNlcnM6AHBvcmJhbno6AHRyZWU6AHdvcms6AGxpYnJhcnk6AGFydGljbGVzOgBub3dpY2tpX3NuaWpkZXJzX19lcyMyQUFCOEYucGRmAAAOAJ4ATgBuAG8AdwBpAGMAawBpAF8AcwBuAGkAagBkAGUAcgBzAF8AXwBlAHMAdABpAG0AYQB0AGkAbwBuAF8AYQBuAGQAXwBwAHIAZQBkAGkAYwB0AGkAbwBuAF8AZgBvAHIAXwBzAHQAbwBjAGgAYQBzAHQAaQBjAF8AYgBsAG8AYwBrAHMAdAByAHUAYwB0AHUAcgBlAHMALgBwAGQAZgAPABoADABNAGEAYwBpAG4AdABvAHMAaAAgAEgARAASAHdVc2Vycy9wb3JiYW56L3RyZWUvd29yay9saWJyYXJ5L2FydGljbGVzL25vd2lja2lfc25pamRlcnNfX2VzdGltYXRpb25fYW5kX3ByZWRpY3Rpb25fZm9yX3N0b2NoYXN0aWNfYmxvY2tzdHJ1Y3R1cmVzLnBkZgAAEwABLwAAFQACAA7//wAAgAbSGxwdHlokY2xhc3NuYW1lWCRjbGFzc2VzXU5TTXV0YWJsZURhdGGjHR8gVk5TRGF0YVhOU09iamVjdNIbHCIjXE5TRGljdGlvbmFyeaIiIF8QD05TS2V5ZWRBcmNoaXZlctEmJ1Ryb290gAEACAARABoAIwAtADIANwBAAEYATQBVAGAAZwBqAGwAbgBxAHMAdQB3AIQAjgEAAQUBDQOTA5UDmgOlA64DvAPAA8cD0APVA+ID5QP3A/oD/wAAAAAAAAIBAAAAAAAAACgAAAAAAAAAAAAAAAAAAAQB},
	Bdsk-Url-1 = {http://www.ams.org/mathscinet-getitem?mr=1947255}}

@article{Benjamini:Schramm:2001:1,
	Author = {Benjamini, Itai and Schramm, Oded},
	Date-Added = {2011-08-26 09:45:20 +0100},
	Date-Modified = {2012-04-30 00:43:26 +0100},
	Fjournal = {Electronic Journal of Probability},
	Issn = {1083-6489},
	Journal = {Electron. J. Probab.},
	Keywords = {graphs; weak local limits},
	Mrclass = {82B41 (05C80 52C26 60G50)},
	Mrnumber = {1873300 (2002m:82025)},
	Mrreviewer = {Olle H{{\"a}}ggstr{{\"o}}m},
	Pages = {no. 23, 13 pp. (electronic)},
	Title = {Recurrence of distributional limits of finite planar graphs},
	Url = {http://www.math.washington.edu/~ejpecp/EjpVol6/paper23.abs.html},
	Volume = {6},
	Year = {2001},
	Bdsk-File-1 = {YnBsaXN0MDDUAQIDBAUGJCVYJHZlcnNpb25YJG9iamVjdHNZJGFyY2hpdmVyVCR0b3ASAAGGoKgHCBMUFRYaIVUkbnVsbNMJCgsMDxJXTlMua2V5c1pOUy5vYmplY3RzViRjbGFzc6INDoACgAOiEBGABIAFgAdccmVsYXRpdmVQYXRoWWFsaWFzRGF0YV8Qcy4uLy4uL3RyZWUvd29yay9saWJyYXJ5L2FydGljbGVzL2JlbmphbWluaV9zY2hyYW1tX19yZWN1cnJlbmNlX29mX2Rpc3RyaWJ1dGlvbmFsX2xpbWl0c19vZl9maW5pdGVfcGxhbmFyX2dyYXBocy5wZGbSFwsYGVdOUy5kYXRhTxECjgAAAAACjgACAAAMTWFjaW50b3NoIEhEAAAAAAAAAAAAAAAAAAAAzcjA6kgrAAAACbbNH2JlbmphbWluaV9zY2hyYW1tX19yZSM5QjcwOS5wZGYAAAAAAAAAAAAAAAAAAAAAAAAAAAAAAAAAAAAAAAAAAAAJtwnKfNS3AAAAAAAAAAAAAgAFAAAJIAAAAAAAAAAAAAAAAAAAAAhhcnRpY2xlcwAQAAgAAM3I+SoAAAARAAgAAMp9DPcAAAABABgACbbNAAm2ywAIK9IACCvOAAXASgACEikAAgBbTWFjaW50b3NoIEhEOlVzZXJzOgBwb3JiYW56OgB0cmVlOgB3b3JrOgBsaWJyYXJ5OgBhcnRpY2xlczoAYmVuamFtaW5pX3NjaHJhbW1fX3JlIzlCNzA5LnBkZgAADgCmAFIAYgBlAG4AagBhAG0AaQBuAGkAXwBzAGMAaAByAGEAbQBtAF8AXwByAGUAYwB1AHIAcgBlAG4AYwBlAF8AbwBmAF8AZABpAHMAdAByAGkAYgB1AHQAaQBvAG4AYQBsAF8AbABpAG0AaQB0AHMAXwBvAGYAXwBmAGkAbgBpAHQAZQBfAHAAbABhAG4AYQByAF8AZwByAGEAcABoAHMALgBwAGQAZgAPABoADABNAGEAYwBpAG4AdABvAHMAaAAgAEgARAASAHtVc2Vycy9wb3JiYW56L3RyZWUvd29yay9saWJyYXJ5L2FydGljbGVzL2JlbmphbWluaV9zY2hyYW1tX19yZWN1cnJlbmNlX29mX2Rpc3RyaWJ1dGlvbmFsX2xpbWl0c19vZl9maW5pdGVfcGxhbmFyX2dyYXBocy5wZGYAABMAAS8AABUAAgAO//8AAIAG0hscHR5aJGNsYXNzbmFtZVgkY2xhc3Nlc11OU011dGFibGVEYXRhox0fIFZOU0RhdGFYTlNPYmplY3TSGxwiI1xOU0RpY3Rpb25hcnmiIiBfEA9OU0tleWVkQXJjaGl2ZXLRJidUcm9vdIABAAgAEQAaACMALQAyADcAQABGAE0AVQBgAGcAagBsAG4AcQBzAHUAdwCEAI4BBAEJAREDowOlA6oDtQO+A8wD0APXA+AD5QPyA/UEBwQKBA8AAAAAAAACAQAAAAAAAAAoAAAAAAAAAAAAAAAAAAAEEQ==},
	Bdsk-Url-1 = {http://www.ams.org/mathscinet-getitem?mr=1873300}}

@article{Hoff:Raftery:Handcock:2002,
  title={Latent space approaches to social network analysis},
  author={Hoff, Peter D and Raftery, Adrian E and Handcock, Mark S},
  journal={Journal of the American Statistical Association},
  volume={97},
  number={460},
  pages={1090--1098},
  year={2002},
  publisher={Taylor \& Francis}
}

@inproceedings{Miller:Jordan:Griffiths:2009,
  title={Nonparametric latent feature models for link prediction},
  author={Miller, Kurt and Jordan, Michael I and Griffiths, Thomas L},
  booktitle={Advances in neural information processing systems},
  pages={1276--1284},
  year={2009}
}

@ARTICLE{Todeschini:Caron:2016,
   author = {{Todeschini}, A. and {Caron}, F.},
    title = "{Exchangeable Random Measures for Sparse and Modular Graphs with Overlapping Communities}",
  journal = {ArXiv e-prints},
archivePrefix = "arXiv",
   eprint = {1602.02114},
 primaryClass = "stat.ME",
 keywords = {Statistics - Methodology, Computer Science - Social and Information Networks, Physics - Physics and Society, Statistics - Machine Learning},
     year = 2016,
    month = feb,
   adsurl = {http://adsabs.harvard.edu/abs/2016arXiv160202114T},
  adsnote = {Provided by the SAO/NASA Astrophysics Data System}
}


@ARTICLE{Janson:2017,
   author = {{Janson}, S.},
    title = "{On convergence for graphexes}",
  journal = {ArXiv e-prints},
archivePrefix = "arXiv",
   eprint = {1702.06389},
 primaryClass = "math.PR",
 keywords = {Mathematics - Probability, Mathematics - Combinatorics},
     year = 2017,
    month = feb,
   adsurl = {http://adsabs.harvard.edu/abs/2017arXiv170206389J},
  adsnote = {Provided by the SAO/NASA Astrophysics Data System}
}

@ARTICLE{Janson:2016,
   author = {{Janson}, S.},
    title = "{Graphons and cut metric on sigma-finite measure spaces}",
  journal = {ArXiv e-prints},
archivePrefix = "arXiv",
   eprint = {1608.01833},
 primaryClass = "math.CO",
 keywords = {Mathematics - Combinatorics, 05C99, 05C80},
     year = 2016,
    month = aug,
   adsurl = {http://adsabs.harvard.edu/abs/2016arXiv160801833J},
  adsnote = {Provided by the SAO/NASA Astrophysics Data System}
}

@book{Gikhman:Skorokhod:1969,
  added-at = {2009-09-15T18:15:02.000+0200},
  author = {Gikhman, I. I. and Skorokhod, A. V.},
  biburl = {http://www.bibsonomy.org/bibtex/2ca9f6d3b7b7568838a0b04af4a09666a/tipanverella},
  interhash = {f67fadb6b47c13c66ee715ea5d24d997},
  intrahash = {ca9f6d3b7b7568838a0b04af4a09666a},
  keywords = {Stochastic-Processes},
  publisher = {Dover},
  timestamp = {2009-09-16T04:10:59.000+0200},
  title = {Introduction to the Theory of Random Processes},
  year = 1969
}

